<record><leader>00000cas a22000007a 4500</leader><controlfield tag="001">14256460</controlfield><controlfield tag="008">860924d19181970paudn ne      0    0eng d</controlfield><controlfield tag="009">5601</controlfield><datafield ind1=" " ind2=" " tag="010"><subfield code="a">sn 87078086 </subfield></datafield><datafield ind1=" " ind2=" " tag="040"><subfield code="a">NPH</subfield><subfield code="b">eng</subfield><subfield code="c">NPH</subfield><subfield code="d">DLC</subfield></datafield><datafield ind1="1" ind2=" " tag="029"><subfield code="a">AU@</subfield><subfield code="b">000025804107</subfield></datafield><datafield ind1=" " ind2=" " tag="042"><subfield code="a">msc</subfield></datafield><datafield ind1="0" ind2="0" tag="050"><subfield code="a">Newspaper 7002</subfield></datafield><datafield ind1="0" ind2="4" tag="245"><subfield code="a">The Gazette and daily.</subfield></datafield><datafield ind1=" " ind2=" " tag="260"><subfield code="a">York, Pa. :</subfield><subfield code="b">York Gazette Co.,</subfield><subfield code="c">1918-1970.</subfield></datafield><datafield ind1=" " ind2=" " tag="300"><subfield code="a">103 v. :</subfield><subfield code="b">ill. (chiefly advertisements) ;</subfield><subfield code="c">44 cm.</subfield></datafield><datafield ind1=" " ind2=" " tag="310"><subfield code="a">Daily (except Sun.)</subfield></datafield><datafield ind1="0" ind2=" " tag="362"><subfield code="a">Vol. 63, no. 10370 (Aug. 30, 1918)-v. 166, no. 27521 (Oct. 8, 1970).</subfield></datafield><datafield ind1=" " ind2=" " tag="752"><subfield code="a">United States</subfield><subfield code="b">Pennsylvania</subfield><subfield code="c">York</subfield><subfield code="d">York.</subfield></datafield><datafield ind1="0" ind2="0" tag="780"><subfield code="t">York gazette and York daily</subfield><subfield code="w">(DLC)sn 87078095</subfield></datafield><datafield ind1="0" ind2="0" tag="785"><subfield code="t">York daily record (York, Pa. : 1970)</subfield><subfield code="w">(OCoLC)14256493</subfield><subfield code="w">(DLC)sn 87078094</subfield></datafield></record>